<record><leader>00000cas a2200000 a 4500</leader><controlfield tag="001">31114511</controlfield><controlfield tag="008">940914d185418uuiluwr ne      0   b0fre c</controlfield><datafield ind1=" " ind2=" " tag="010"><subfield code="a">sn 94054730 </subfield></datafield><datafield ind1=" " ind2=" " tag="040"><subfield code="a">NVF</subfield><subfield code="b">eng</subfield><subfield code="c">NVF</subfield><subfield code="d">OCL</subfield><subfield code="d">CVF</subfield><subfield code="d">NVF</subfield><subfield code="d">OCLCF</subfield><subfield code="d">OCLCO</subfield><subfield code="d">OCLCA</subfield><subfield code="d">NVF</subfield><subfield code="d">OCLCO</subfield><subfield code="d">OCL</subfield></datafield><datafield ind1="1" ind2=" " tag="029"><subfield code="a">AU@</subfield><subfield code="b">000011276717</subfield></datafield><datafield ind1=" " ind2=" " tag="042"><subfield code="a">pcc</subfield></datafield><datafield ind1=" " ind2=" " tag="043"><subfield code="a">n-us-il</subfield></datafield><datafield ind1="0" ind2="0" tag="245"><subfield code="a">Colonie Icarienne.</subfield></datafield><datafield ind1=" " ind2=" " tag="260"><subfield code="a">Nauvoo, Ill. :</subfield><subfield code="b">E. Cabet,</subfield><subfield code="c">1854-[18--?].</subfield></datafield><datafield ind1=" " ind2=" " tag="300"><subfield code="a">v.</subfield></datafield><datafield ind1=" " ind2=" " tag="310"><subfield code="a">Weekly</subfield></datafield><datafield ind1="0" ind2=" " tag="362"><subfield code="a">Vol. 1, no 1 (19 juil. 1854)-</subfield></datafield><datafield ind1=" " ind2=" " tag="546"><subfield code="a">In French.</subfield></datafield><datafield ind1=" " ind2=" " tag="588"><subfield code="a">Latest issue consulted: Vol. 1, no. 22 (27 dec&#768;, 1854).</subfield></datafield><datafield ind1=" " ind2="0" tag="650"><subfield code="a">Icarian movement</subfield><subfield code="v">Newspapers.</subfield></datafield><datafield ind1=" " ind2="0" tag="650"><subfield code="a">Utopian socialism</subfield><subfield code="v">Newspapers.</subfield></datafield><datafield ind1=" " ind2="0" tag="650"><subfield code="a">French Americans</subfield><subfield code="z">Illinois</subfield><subfield code="v">Newspapers.</subfield></datafield><datafield ind1=" " ind2="0" tag="650"><subfield code="a">French American newspapers</subfield><subfield code="v">Newspapers.</subfield></datafield><datafield ind1=" " ind2="0" tag="651"><subfield code="a">Nauvoo (Ill.)</subfield><subfield code="v">Newspapers.</subfield></datafield><datafield ind1=" " ind2="7" tag="655"><subfield code="a">Newspapers.</subfield><subfield code="2">fast</subfield><subfield code="0">(OCoLC)fst01423814</subfield></datafield><datafield ind1=" " ind2="7" tag="650"><subfield code="a">French American newspapers.</subfield><subfield code="2">fast</subfield><subfield code="0">(OCoLC)fst00934855</subfield></datafield><datafield ind1=" " ind2="7" tag="650"><subfield code="a">French Americans.</subfield><subfield code="2">fast</subfield><subfield code="0">(OCoLC)fst00934236</subfield></datafield><datafield ind1=" " ind2="7" tag="650"><subfield code="a">Icarian movement.</subfield><subfield code="2">fast</subfield><subfield code="0">(OCoLC)fst00966498</subfield></datafield><datafield ind1=" " ind2="7" tag="650"><subfield code="a">Utopian socialism.</subfield><subfield code="2">fast</subfield><subfield code="0">(OCoLC)fst01163356</subfield></datafield><datafield ind1=" " ind2="7" tag="651"><subfield code="a">Illinois.</subfield><subfield code="2">fast</subfield><subfield code="0">(OCoLC)fst01205143</subfield></datafield><datafield ind1=" " ind2="7" tag="651"><subfield code="a">Illinois</subfield><subfield code="z">Nauvoo.</subfield><subfield code="2">fast</subfield><subfield code="0">(OCoLC)fst01210253</subfield></datafield><datafield ind1="1" ind2=" " tag="700"><subfield code="a">Cabet, E&#769;tienne,</subfield><subfield code="d">1788-1856,</subfield><subfield code="k">Newspapers.</subfield><subfield code="e">publisher.</subfield></datafield><datafield ind1=" " ind2=" " tag="752"><subfield code="a">United States</subfield><subfield code="b">Illinois</subfield><subfield code="c">Hancock County</subfield><subfield code="d">Nauvoo.</subfield></datafield><datafield ind1="0" ind2="0" tag="785"><subfield code="t">Revue Icarienne</subfield><subfield code="w">(DLC)sn 86060309</subfield><subfield code="w">(OCoLC)14511362</subfield></datafield></record>